<?xml version="1.0" encoding="UTF-8" ?>
<record Numero="12388551" format="InterXMarc_Complet" type="Authority">
<leader>00453n1 ap22000272  45  <Pos Code="0004">00453</Pos>
<Pos Code="05" Sens="Notice nouvelle">n</Pos>
<Pos Code="06" Sens="Notice validée en catalogage courant">1</Pos>
<Pos Code="08" Sens="Notice d&apos;autorité">a</Pos>
<Pos Code="09" Sens="Personne physique">p</Pos>
<Pos Code="10">2</Pos>
<Pos Code="11">2</Pos>
<Pos Code="1216">00027</Pos>
<Pos Code="17" Sens="Autres cas">2</Pos>
<Pos Code="20">4</Pos>
<Pos Code="21">5</Pos>
</leader>
<controlfield tag="001">FRBNF123885515<Pos Code="0001">FR</Pos>
<Pos Code="0204">BNF</Pos>
<Pos Code="0512">12388551</Pos>
<Pos Code="13">5</Pos>
</controlfield>
<controlfield tag="008">940420      xdger           1855      1908                 a 1   <Pos Code="0001">94</Pos>
<Pos Code="0203">04</Pos>
<Pos Code="0405">20</Pos>
<Pos Code="1213" Sens="Allemagne avant 1945">xd</Pos>
<Pos Code="1416" Sens="allemand">ger</Pos>
<Pos Code="2831">1855</Pos>
<Pos Code="3841">1908</Pos>
<Pos Code="59" Sens="Responsabilité intellectuelle ou artistique">a</Pos>
<Pos Code="61" Sens="La vedette peut être liée à une notice bibliographique sauf pour l&apos;accès matière RAMEAU">1</Pos>
</controlfield>
<datafield tag="045" ind1=" " ind2=" ">
	<subfield code="a" Sens="Auteur">a</subfield>
</datafield>
<datafield tag="100" ind1=" " ind2=" ">
	<subfield code="w"> 0  b.....</subfield>
	<subfield code="a">Reiff</subfield>
	<subfield code="m">Richard</subfield>
	<subfield code="d">1855-1908</subfield>
</datafield>
<datafield tag="600" ind1=" " ind2=" ">
	<subfield code="a">Mathématicien</subfield>
	<subfield code="a">En poste au Gymnasium zu Heilbronn, Allemagne (en 1889)</subfield>
</datafield>
<datafield tag="601" ind1=" " ind2=" ">
	<subfield code="a">Prénoms complets : Richard, August</subfield>
</datafield>
<datafield tag="610" ind1=" " ind2=" ">
	<subfield code="a">Geschichte der unendlichen Reihen / von R. Reiff, 1992 [reprod. de l&apos;éd. de 1889]</subfield>
</datafield>
<datafield tag="610" ind1=" " ind2=" ">
	<subfield code="a">LCNA (CD OCLC), 1993-12</subfield>
</datafield>
<datafield tag="907" ind1=" " ind2=" ">
	<subfield code="o">GEA</subfield>
	<subfield code="a">005166168</subfield>
</datafield>
<datafield tag="917" ind1=" " ind2=" ">
	<subfield code="o">OPL</subfield>
	<subfield code="a">010154922</subfield>
</datafield>
<Attr Nom="IDPerenne">ark:/12148/cb12388551t</Attr>
<Attr Nom="NumSource">OPL 010154922</Attr>
<Attr Nom="Source" Sens="Imprimés / BN-Opale (1970-1999)">B</Attr>
<Attr Nom="NbAutoritesTICLiees">0</Attr>
<Attr Nom="NbAutoritesTUMLiees">0</Attr>
<Attr Nom="DateCreation">26/04/ 1994</Attr>
<Attr Nom="ResponsableCreation">MIGV1</Attr>
<Attr Nom="StructCreation">1</Attr>
<Attr Nom="DateDerniereValidation">19/09/ 1994</Attr>
<Attr Nom="ResponsableDerniereValidation">MIGV1</Attr>
<Attr Nom="StructPremiereValidation">1</Attr>
<Attr Nom="DatePremiereValidation">19/09/ 1994</Attr>
<Attr Nom="ResponsablePremiereValidation">MIGV1</Attr>
<Attr Nom="StructDerniereValidation">1</Attr>
<Attr Nom="NumSource">OPL 010154897</Attr>
</record>
